<?xml version="1.0" encoding="UTF-8"?><collection xmlns="http://www.loc.gov/MARC21/slim"><record><leader>00361nam--2200133-i-4500</leader><controlfield tag="001">000046037</controlfield><controlfield tag="002">20161230</controlfield><controlfield tag="005">20161230201045</controlfield><controlfield tag="008">060222s1000------------r-----000-0-eng-d</controlfield><datafield ind1=" " ind2=" " tag="080"><subfield code="a">539.213:537.31(043)</subfield></datafield><datafield ind1=" " ind2=" " tag="100"><subfield code="a">Ungur, Doina</subfield></datafield><datafield ind1=" " ind2=" " tag="245"><subfield code="a">Sticle oxidice: proprietati fizice. teza</subfield></datafield><datafield ind1=" " ind2=" " tag="260"><subfield code="a">Bucuresti, Institutul Central De Fizica, 1988, 180p</subfield></datafield><datafield ind1=" " ind2=" " tag="852"><subfield code="a">78698</subfield></datafield></record></collection>